@article{li2019towards,
  title={Towards more transparent, reproducible, and reusable data cleaning with OpenRefine},
  author={Li, Lan and Lud{\"a}scher, Bertram and Zhang, Qian},
  journal={iConference 2019 Proceedings},
  year={2019},
  publisher={iSchools}
}
@article{delpeuch2019complete,
  title={A complete language for faceted dataflow programs},
  author={Delpeuch, Antonin},
  journal={arXiv preprint arXiv:1906.05937},
  year={2019}
}
@inproceedings{murta2014noworkflow,
  title={noWorkflow: capturing and analyzing provenance of scripts},
  author={Murta, Leonardo and Braganholo, Vanessa and Chirigati, Fernando and Koop, David and Freire, Juliana},
  booktitle={International Provenance and Annotation Workshop},
  pages={71--83},
  year={2014},
  organization={Springer}
}

@misc{OpenRefine,
  author = {Thad Guidry},
  title = {{OpenRefine} Server Side Architecture},
  year = 2020,
  url = {https://github.com/OpenRefine/OpenRefine/wiki/Server-Side-Architecture#projects},
  urldate = {2020-03-15}
}

@inproceedings{nunez2020first,
  title={A First-Principles Algebraic Approach to Data Transformations in Data Cleaning: Understanding Provenance from the Ground Up},
  author={N{\'u}{\~n}ez-Corrales, Santiago and Li, Lan and Lud{\"a}scher, Bertram},
  booktitle={12th International Workshop on Theory and Practice of Provenance (TaPP 2020)},
  year={2020}
}

@article{baker2016reproducibility,
  title={Reproducibility crisis},
  author={Baker, Monya},
  journal={Nature},
  volume={533},
  number={26},
  pages={353--66},
  year={2016}
}

@article{samsa2019guide,
  title={A guide to reproducibility in preclinical research},
  author={Samsa, Greg and Samsa, Leigh},
  journal={Academic Medicine},
  volume={94},
  number={1},
  pages={47},
  year={2019},
  publisher={Wolters Kluwer Health}
}

@article{abedjan2016detecting,
  title={Detecting data errors: Where are we and what needs to be done?},
  author={Abedjan, Ziawasch and Chu, Xu and Deng, Dong and Fernandez, Raul Castro and Ilyas, Ihab F and Ouzzani, Mourad and Papotti, Paolo and Stonebraker, Michael and Tang, Nan},
  journal={Proceedings of the VLDB Endowment},
  volume={9},
  number={12},
  pages={993--1004},
  year={2016},
  publisher={VLDB Endowment}
}
@article{freire2008provenance,
  title={Provenance for computational tasks: A survey},
  author={Freire, Juliana and Koop, David and Santos, Emanuele and Silva, Cl{\'a}udio T},
  journal={Computing in Science \& Engineering},
  volume={10},
  number={3},
  pages={11--21},
  year={2008},
  publisher={IEEE}
}

@article{zhang2017revealing,
  title={Revealing the Detailed Lineage of Script Outputs Using Hybrid Provenance.},
  author={Zhang, Qian and Cao, Yang and Wang, Qiwen and Vu, Duc and Thavasimani, Priyaa and McPhillips, Timothy M and Missier, Paolo and Slaughter, Peter and Jones, Christopher and Jones, Matthew B and others},
  journal={IJDC},
  volume={12},
  number={2},
  pages={390--408},
  year={2017}
}

@manual{whatsonmenu,
      title  = "Whats on the menu?",
      author = "The New York Public Library",
      url    = "http://menus.nypl.org/data",
      year   = "2020 (10/01/20)"
    }


@article{mcphillips2015yesworkflow,
  title={YesWorkflow: a user-oriented, language-independent tool for recovering workflow information from scripts},
  author={McPhillips, Timothy and Song, Tianhong and Kolisnik, Tyler and Aulenbach, Steve and Belhajjame, Khalid and Bocinsky, Kyle and Cao, Yang and Chirigati, Fernando and Dey, Saumen and Freire, Juliana and others},
  journal={arXiv preprint arXiv:1502.02403},
  year={2015}
}

@article{ludascher2006scientific,
  title={Scientific workflow management and the Kepler system},
  author={Lud{\"a}scher, Bertram and Altintas, Ilkay and Berkley, Chad and Higgins, Dan and Jaeger, Efrat and Jones, Matthew and Lee, Edward A and Tao, Jing and Zhao, Yang},
  journal={Concurrency and computation: Practice and experience},
  volume={18},
  number={10},
  pages={1039--1065},
  year={2006},
  publisher={Wiley Online Library}
}